% Libro de estadística de DeGroot
@book{degroot2012probability,
  title={Probability and statistics},
  author={DeGroot, Morris H and Schervish, Mark J},
  year={2012},
  edition = {4},
  publisher={Pearson Education}
}

% Inferencia estadística de Casella y Berger
@book{casella2021statistical,
  title={Statistical inference},
  author={Casella, George and Berger, Roger L},
  year={2021},
  publisher={Cengage Learning}
}

% Trabajos anteriores DIE
% ---------------------------------
% Lo más parecido a lo que queremos presentar, de Cecchetti, con parámetro poblacional y simulación de Monte Carlo
@techreport{castsolischang2017sesgoPositivo,
	title={Sesgo positivo en la medición de la inflación: el ``efecto fórmula'' en el caso de Guatemala},
	author={Castañeda, Juan Carlos and Solís, Gustavo and Chang, Rodrigo},
	year={2017},
	institution={Banco de Guatemala}
}


% Trabajos anteriores DIE
% ---------------------------------
% Lo más parecido a lo que queremos presentar, de Cecchetti, con parámetro poblacional y simulación de Monte Carlo
@techreport{banguat2016evalpol,
	title={Evaluación de la política monetaria, cambiaria y crediticia, a noviembre de 2016, y perspectivas económicas para 2017.},
	author={{Banco de Guatemala}},
	year={2016},
	institution={Banco de Guatemala},
	url={https://www.banguat.gob.gt/Publica/Comunica/eva_pol_mon_nov2016.pdf}
}



% Referencias buscadas por Rodrigo
% ---------------------------------

@article{roger1997robust,
	title={A robust measure of core inflation in New Zealand, 1949-96},
	author={Roger, Scott},
	journal={Reserve Bank of New Zealand Working Paper},
	number={G97/7},
	year={1997}
}

% Referencias para el tema de: Inflación subyacente, medias truncadas
% ------------------------------------------------------------------

% Lo más parecido a lo que queremos presentar, de Cecchetti, con parámetro poblacional y simulación de Monte Carlo
@techreport{cecchetti1997efficient,
  title={Efficient inflation estimation},
  author={Bryan, Michael F. and Cecchetti, Stephen G. and Wiggins, Rodney L.},
  year={1997},
  institution={National Bureau of Economic Research}
}


@article{wynne2008core,
  title={Core inflation: A Review of Some Conceptual Issues review},
  author={Wynne, Mark A.},
  journal={St. Louis: Federal Reserve Bank Review},
  year={2008}
}

@article{bullard2011measuring,
  title={Measuring inflation: the core is rotten},
  author={Bullard, James},
  journal={Federal Reserve Bank of St. Louis Review},
  volume={93},
  number={4},
  pages={223--233},
  year={2011},
  publisher={Federal Reserve Bank of St. Louis}
}

@article{vega2003first,
  title={A first assessment of some measures of core inflation for the euro area},
  author={Vega, Juan-Luis and Wynne, Mark A},
  journal={German Economic Review},
  volume={4},
  number={3},
  pages={269--306},
  year={2003},
  publisher={De Gruyter}
}


@article{bermingham2010critical,
  title={A critical assessment of existing estimates of US core inflation},
  author={Bermingham, Colin},
  journal={Journal of Macroeconomics},
  volume={32},
  number={4},
  pages={993--1007},
  year={2010},
  publisher={Elsevier}
}

@article{roger1998core,
  title={Core inflation: concepts, uses and measurement},
  author={Roger, Scott},
  journal={Reserve Bank of New Zealand Discussion Paper},
  number={G98/9},
  year={1998}
}

@article{silver2007core,
  title={Core inflation: Measurement and statistical issues in choosing among alternative measures},
  author={Silver, Mick},
  journal={IMF Staff papers},
  volume={54},
  number={1},
  pages={163--190},
  year={2007},
  publisher={Springer}
}

@article{clark2001comparing,
  title={Comparing measures of core inflation},
  author={Clark, Todd E and others},
  journal={Economic Review-Federal Reserve Bank of Kansas City},
  volume={86},
  number={2},
  pages={5--32},
  year={2001},
  publisher={Federal Reserve Bank of Kansas City}
}

@article{dolmas2005trimmed,
  title={Trimmed mean PCE inflation},
  author={Dolmas, Jim and others},
  journal={Federal Reserve Bank of Dallas Working Paper},
  volume={506},
  year={2005}
}

@article{bryan1991median,
  title={Median price changes: an alternative approach to measuring current monetary inflation},
  author={Bryan, Michael F and Pike, Christopher J and others},
  journal={Federal Reserve Bank of Cleveland Economic Commentary},
  volume={1},
  year={1991}
}

@article{clements2006stochastic,
  title={Stochastic index numbers: a review},
  author={Clements, Kenneth W and Izan, Izan HY and Selvanathan, E Antony},
  journal={International Statistical Review},
  volume={74},
  number={2},
  pages={235--270},
  year={2006},
  publisher={Wiley Online Library}
}


% CPI Manual book

@book { ConsumerPriceIndexManual2020,
  author = "Brian Graf",
  title = "Consumer Price Index Manual, 2020: Concepts and Methods",
  year = "2020",
  publisher = "International Monetary Fund",
  address = "USA",
  isbn = "9781484354841",
  doi = "10.5089/9781484354841.069",
  url = "https://www.elibrary.imf.org/view/books/069/25164-9781484354841-en/25164-9781484354841-en-book.xml"
}


% Referencias: modelado estadístico y estadística algorítmica

@article{breiman2001twocultures,
 ISSN = {08834237},
 URL = {http://www.jstor.org/stable/2676681},
 abstract = {There are two cultures in the use of statistical modeling to reach conclusions from data. One assumes that the data are generated by a given stochastic data model. The other uses algorithmic models and treats the data mechanism as unknown. The statistical community has been committed to the almost exclusive use of data models. This commitment has led to irrelevant theory, questionable conclusions, and has kept statisticians from working on a large range of interesting current problems. Algorithmic modeling, both in theory and practice, has developed rapidly in fields outside statistics. It can be used both on large complex data sets and as a more accurate and informative alternative to data modeling on smaller data sets. If our goal as a field is to use data to solve problems, then we need to move away from exclusive dependence on data models and adopt a more diverse set of tools.},
 author = {Leo Breiman},
 journal = {Statistical Science},
 number = {3},
 pages = {199--215},
 publisher = {Institute of Mathematical Statistics},
 title = {Statistical Modeling: The Two Cultures},
 volume = {16},
 year = {2001}
}


% Referencias: Julia

@article{bezanson2017julia,
author = {Bezanson, Jeff and Edelman, Alan and Karpinski, Stefan and Shah, Viral B.},
doi = {10.1137/141000671},
journal = {SIAM Review},
month = {9},
number = {1},
pages = {65--98},
title = {{Julia: A fresh approach to numerical computing}},
volume = {59},
year = {2017}
}


% Simulación de Monte Carlo y Bootstrapping
% ------------------------------------------------------------------

@book{chernick2011bootstrap,
  title={Bootstrap methods: A guide for practitioners and researchers},
  author={Chernick, Michael R},
  volume={619},
  year={2011},
  publisher={John Wiley \& Sons}
}

% Simulación de Monte Carlo en Excel para evaluar riesgo financiero
@article{azofeifa2004aplicacion,
  title={Aplicación de la Simulación Monte Carlo en el cálculo del riesgo usando Excel},
  author={Azofeifa, Carlos E},
  journal={Tecnología en Marcha},
  volume={17},
  number={1},
  pages={97--109},
  year={2004},
  publisher={Editorial Tecnológica de Costa Rica}
}

% Castrillo y Rodríguez del BCCR
% Procedimiento de evaluación de pruebas de raíz unitaria
@article{castrillo2009raizunitaria,
  title={Procedimiento para la aplicación de las pruebas de raíz unitaria},
  author={Castrillo, Desirée and Rodríguez, Adolfo},
  journal={Nota técnica DEC-DIE-018-NT. Banco Central de Costa Rica},
  year={2009}
}

% SA Bonís, VA Palenzuela
% Opciones Reales y la simulación de Monte Carlo
@article{bonis2007opciones,
  title={Las opciones reales y la simulación de Monte Carlo},
  author={Bonís, Susana Alonso and Palenzuela, Valentín Azofra and de la Fuente Herrero, Gabriel},
  journal={Universia Business Review},
  number={16},
  pages={52--63},
  year={2007},
  publisher={Universia}
}

% Abellán, 
% Volatilidad del tipo de cambio, una metodología es de Monte Carlo
@article{abellan2011metodo,
  title={Método predictivo de volatilidad tipo cambio},
  author={Abellán, Jeffrey Viales},
  journal={Revista de Ciencias Económicas},
  volume={29},
  number={1},
  year={2011}
}

% Espinosa y Valerio,
% Sostenibilidad Fiscal en Costa Rica utilizando Método de Monte Carlo para calcular unas probabilidades de ocurrencia sobre el stock de la deuda pública
@article{espinoza2014sostenibilidad,
  title={Sostenibilidad Fiscal en Costa Rica, 1991-2013: una aproximación a través del método de Montecarlo},
  author={Espinoza, J and Valerio, M},
  journal={Revista Economía y Sociedad},
  volume={19},
  number={45},
  pages={72--95},
  year={2014}
}

% Hendry
% Monte Carlo experimentation in econometrics
@article{hendry1984monte,
  title={Monte Carlo experimentation in econometrics},
  author={Hendry, David F},
  journal={Handbook of econometrics},
  volume={2},
  pages={937--976},
  year={1984},
  publisher={Elsevier}
}